%%% This BibTeX bibliography file was created using BibDesk.
%%% http://bibdesk.sourceforge.net/
%

%% 

@article{sups,
  title={“An Attendance Monitoring System Using Biometrics Authentication”},
  author={Seema Rao and Prof.K.J.Satoal},
  journal={International Journal of Advanced Research in Computer Science and Software Engineering},
  volume={3},
  number={4},
  pages={213--217},
	year={April 2013},
	publisher={ ISSN: 2277 128X},
}

@article{manju,
  title={ “FACE RECOGNITION SYSTEM FOR TIME AND ATTENDANCE APPLICATIONS},
  author={APARNA BEHARA and M.V. RAGHUNADH},
  journal={International Journal of Electrical, Electronics and Data Communication},
  volume={1},
  number={4},
  pages={},
	year={5-May-2013},
  publisher={ISSN: 2320-2084. }, 
}

@article{priti,
  title={ “SMART APPLICATION FOR AMS USING FACE RECOGNITION”},
  author={MuthuKalyani.K and VeeraMuthu.A},
  journal={Computer Science and Engineering: An International Journal (CSEIJ)},
  volume={ 3 },
  number={5},
  pages={},
  year={ October 2013},
  publisher={ DOI : 10.5121/cseij.2013.3502 },
	}

@article{pdya,
  title={“Mobile Based Attendance Management System”},
  author={Dr. S. Ramnarayan REDDY, Deepanshu GOYAL and Ankit BANSAL},
  journal={ “Student Attendance Tracker System in Android”, INTERNATIONAL JOURNAL FOR ENGINEERING APPLICATIONS AND TECHNOLOGY (IJFEAT)},
  volume={ 9 },
  number={},
  pages={119-124},
  year={ February 2013},
  publisher={ISSN: 2321-8134},
	}



